<?xml version="1.0" encoding="UTF-8"?><collection xmlns="http://www.loc.gov/MARC21/slim"><record><leader>00480nam--2200181-i-4500</leader><controlfield tag="001">000025034</controlfield><controlfield tag="002">20161230</controlfield><controlfield tag="005">20161230201035</controlfield><controlfield tag="008">060222s1000------------r-----000-0-eng-d</controlfield><datafield ind1=" " ind2=" " tag="040"><subfield code="a">IFIN-HH</subfield></datafield><datafield ind1=" " ind2=" " tag="080"><subfield code="a">539.216.2</subfield></datafield><datafield ind1="1" ind2=" " tag="100"><subfield code="a">Janca, J</subfield></datafield><datafield ind1="1" ind2="0" tag="245"><subfield code="a">Hard carbon thin films</subfield><subfield code="c">J. janca, a. kucirkova, v. navratil, l. pajasova</subfield></datafield><datafield ind1=" " ind2=" " tag="260"><subfield code="a">Brne</subfield><subfield code="b">Masarykova Univerzita</subfield><subfield code="c">1991</subfield></datafield><datafield ind1=" " ind2=" " tag="300"><subfield code="a">83 P</subfield></datafield><datafield ind1="1" ind2=" " tag="700"><subfield code="a">Pajasova, L</subfield></datafield><datafield ind1=" " ind2=" " tag="852"><subfield code="a">79966</subfield><subfield code="c">539.23</subfield></datafield><datafield ind1=" " ind2=" " tag="CAT"><subfield code="a">Sys</subfield><subfield code="c">20121219</subfield><subfield code="h">152613</subfield></datafield></record></collection>